@misc{Heller_Kaiser_Mulansky_tbp,
  author={Heller, Thomas and Kaiser, Hartmut and Mulansky, Mario},
  title={Futurization: A new Approach to Parallelization},
  howpublished={to be published},
  year={2013}
}

@inproceedings{Kaiser_Brodowicz_Sterling_09,
  title={Parallex an advanced parallel execution model for scaling-impaired applications},
  author={Kaiser, Hartmut and Brodowicz, Maciej and Sterling, Thomas},
  booktitle={International Conference on Parallel Processing (ICPPW)},
  pages={394--401},
  year={2009},
  organization={IEEE}
}

@inproceedings{Ahnert_Mulansky_11,
  title={Odeint -- {S}olving Ordinary Differential Equations in {C++}},
  author={Ahnert, Karsten and Mulansky, Mario},
  booktitle={American Institute of Physics Conference Series},
  volume={1389},
  pages={1586--1589},
  year={2011}
}

@misc{boost,
  title={Boost Libraries, \verb+www.boost.org+},
  author={Boost, C++},
  year={2013}
}

@book{TemplateMetaprogramming,
  title={C++ template metaprogramming: concepts, tools, and techniques from Boost and beyond},
  author={Abrahams, David and Gurtovoy, Aleksey},
  year={2004},
  publisher={Pearson Education}
}

@article{mpfr,
  title={{MPFR}: A multiple-precision binary floating-point library with correct rounding},
  author={Fousse, Laurent and Hanrot, Guillaume and Lef{\`e}vre, Vincent and P{\'e}lissier, Patrick and Zimmermann, Paul},
  journal={ACM Transactions on Mathematical Software (TOMS)},
  volume={33},
  number={2},
  pages={13},
  year={2007},
  publisher={ACM}
}

@misc{boost_multiprecision,
  title={Boost.{M}ultiprecision},
  author={Maddock, John and Kormanyos, Christopher},
  howpublished={\verb+www.boost.org/libs/multiprecision+},
  year={2013}
}

@article{Mulansky_Pikovksy_12,
  title={Scaling properties of energy spreading in nonlinear Hamiltonian two-dimensional lattices},
  author={Mulansky, Mario and Pikovsky, Arkady},
  journal={Physical Review E},
  volume={86},
  number={5},
  pages={056214},
  year={2012},
  publisher={APS}
}

@article{mulansky2013energy,
  title={Energy spreading in strongly nonlinear disordered lattices},
  author={Mulansky, M and Pikovsky, A},
  journal={New Journal of Physics},
  volume={15},
  number={5},
  pages={053015},
  year={2013},
  publisher={IOP Publishing}
}

@phdthesis{Mulansky_phd_12,
  title={Chaotic diffusion in nonlinear {H}amiltonian systems},
  author={Mulansky, Mario},
  year={2012},
  school={University of {P}otsdam}
}

@article{Mulansky-Ahnert-Pikovsky-Shepelyansky-11,
  title={Strong and weak chaos in weakly nonintegrable many-body {H}amiltonian systems},
  author={M.~Mulansky and K.~Ahnert and A.~Pikovsky and D.~L.~Shepelyansky},
  journal={Journal of Statistical Physics},
  pages={1--19},
  year={2011},
  publisher={Springer}
}

@article{McLachlan_95,
  title={On the numerical integration of ordinary differential equations by symmetric composition methods},
  author={R.~I.~McLachlan},
  journal={SIAM Journal on Scientific Computing},
  volume={16},
  number={1},
  pages={151--168},
  year={1995},
  publisher={Citeseer}
}

@inproceedings{likwid,
  title={Likwid: A lightweight performance-oriented tool suite for x86 multicore environments},
  author={Treibig, Jan and Hager, Georg and Wellein, Gerhard},
  booktitle={39th International Conference on Parallel Processing (ICPPW)},
  pages={207--216},
  year={2010},
  organization={IEEE}
}

@article{Lepri_Livi_Politi_03,
  title={Thermal conduction in classical low-dimensional lattices},
  author={Lepri, Stefano and Livi, Roberto and Politi, Antonio},
  journal={Physics Reports},
  volume={377},
  number={1},
  pages={1--80},
  year={2003},
  publisher={Elsevier}
}